
@book{Paulino2018,
  Author = {Carlos Daniel Paulino, M. Antonia Amaral Turkman, Bento Murteira, Giovani L. Silva},
  Title = {Estatística Bayesiana},
  Edition = {2},
  Publisher = {Fundação Calouste Gulbenkian},
  Year = {2018},
  ISBN = {9723116065},
  URL = {https://www.amazon.com.br/Estat%C3%ADstica-Bayesiana-Bento-Murteira/dp/9723116065/ref=sr_1_1?__mk_pt_BR=%C3%85M%C3%85%C5%BD%C3%95%C3%91&keywords=Estat%C3%ADstica+Bayesiana&qid=1583263077&sr=8-1}
}

@book{Montgomery2016,
  Author = {Douglas C. Montgomery, George C. Runger},
  Title = {Estatistica Aplicada e Probabilidade Para Engenheiros},
  Edition =  {6},
  Publisher = {LTC},
  Year = {2016},
  ISBN = {9788521632412},
  URL = {https://www.amazon.com.br/Estat%C3%ADstica-Aplicada-Probabilidade-Para-Engenheiros/dp/852163241X/ref=sr_1_5?__mk_pt_BR=%C3%85M%C3%85%C5%BD%C3%95%C3%91&keywords=estatistica+engenharia&qid=1583263132&sr=8-5}
}

@book{Wasserman2010,
  Author = {Larry Wasserman},
  Title = {All of Statistics: A Concise Course in Statistical Inference (Springer Texts in Statistics)},
  Publisher = {Springer New York},
  Year = {2004},
  ISBN = {0387402721},
  URL = {https://www.amazon.com.br/All-Statistics-Concise-Statistical-Inference/dp/0387402721/ref=tmm_hrd_swatch_0?_encoding=UTF8&qid=1583265593&sr=8-1}
}
