
@book{Paulino2018,
  Author = {Carlos Daniel Paulino, M. Antonia Amaral Turkman, Bento Murteira, Giovani L. Silva},
  Title = {Estatística Bayesiana},
  Edition = {2},
  Publisher = {Fundação Calouste Gulbenkian},
  Year = {2018},
  ISBN = {9723116065},
}

@book{Montgomery2016,
  Author = {Douglas C. Montgomery, George C. Runger},
  Title = {Estatistica Aplicada e Probabilidade Para Engenheiros},
  Edition =  {6},
  Publisher = {LTC},
  Year = {2016},
  ISBN = {9788521632412},
}

@book{Wasserman2004,
  Author = {Larry Wasserman},
  Title = {All of Statistics: A Concise Course in Statistical Inference (Springer Texts in Statistics)},
  Publisher = {Springer New York},
  Year = {2004},
  ISBN = {0387402721},
}

@misc{Rigollet2017,
  title={High Dimensional Statistics: lecture notes},
  author={Philippe Rigollet, Jan-Christian H{\"u}tter},
  year={2017},
  publisher={MIT},
  URL={http://www-math.mit.edu/~rigollet/PDFs/RigNotes17.pdf}
}

