@article{Luthra2019,
  doi = {10.1016/s2468-1253(19)30246-8},
  url = {https://doi.org/10.1016/s2468-1253(19)30246-8},
  year = {2019},
  month = nov,
  publisher = {Elsevier {BV}},
  volume = {4},
  number = {11},
  pages = {831--844},
  author = {Pavit Luthra and Michael Camilleri and Nicholas E Burr and Eamonn M M Quigley and Christopher J Black and Alexander C Ford},
  title = {Efficacy of drugs in chronic idiopathic constipation: a systematic review and network meta-analysis},
  journal = {The Lancet Gastroenterology {\&} Hepatology}
}

@book{Paulino2018,
  Author = {Carlos Daniel Paulino, M. Antonia Amaral Turkman, Bento Murteira, Giovani L. Silva},
  Title = {Estatística Bayesiana},
  Edition = {2},
  Publisher = {Fundação Calouste Gulbenkian},
  Year = {2018},
  ISBN = {9723116065},
}

@book{Montgomery2016,
  Author = {Douglas C. Montgomery, George C. Runger},
  Title = {Estatistica Aplicada e Probabilidade Para Engenheiros},
  Edition =  {6},
  Publisher = {LTC},
  Year = {2016},
  ISBN = {9788521632412},
}

@book{Wasserman2004,
  Author = {Larry Wasserman},
  Title = {All of Statistics: A Concise Course in Statistical Inference (Springer Texts in Statistics)},
  Publisher = {Springer New York},
  Year = {2004},
  ISBN = {0387402721},
}

@misc{Rigollet2017,
  title={High Dimensional Statistics: lecture notes},
  author={Philippe Rigollet, Jan-Christian H{\"u}tter},
  year={2017},
  publisher={MIT},
  URL={http://www-math.mit.edu/~rigollet/PDFs/RigNotes17.pdf}
}

@book{Kruschke2014,
  Author = {John Kruschke},
  Title = {Doing Bayesian Data Analysis: A Tutorial with R, JAGS, and Stan},
  Publisher = {Academic Press},
  Year = {2014},
  ISBN = {0124058884}
}
